@book{Orfanidis2007signal,
  author = {Orfanidis, Sophocles J.},
  title = {Optimum Signal Processing},
  url = {http://eceweb1.rutgers.edu/~orfanidi/osp2e/},
  isbn={0-07-047794-9},
  year = {2007}
}

@book{wasserman2010statistics,
  address = {New York},
  author = {Wasserman, Larry},
  publisher = {Springer},
  title = {All of Statistics : A Concise Course in Statistical Inference},
  doi = {https://doi.org/10.1007/978-0-387-21736-9},
  isbn = {978-0-387-40272-7},
  year = {2010}
}

@book{bender1999advanced,
  title={Advanced Mathematical Methods for Scientists and Engineers I: Asymptotic Methods and Perturbation Theory},
  author={Bender, C.M. and Orszag, S.A.},
  isbn={9780387989310},
  lccn={99044783},
  series={Advanced Mathematical Methods for Scientists and Engineers},
  year={1999},
  publisher={Springer},
  doi={https://doi.org/10.1007/978-1-4757-3069-2}
}


@article{skilling-nested-sampling,
author = {John Skilling},
title = {{Nested sampling for general Bayesian computation}},
volume = {1},
journal = {Bayesian Analysis},
number = {4},
publisher = {International Society for Bayesian Analysis},
pages = {833 -- 859},
year = {2006},
doi = {10.1214/06-BA127},
URL = {https://doi.org/10.1214/06-BA127}
}

@article{Finn:1992wt,
    author = "Finn, Lee S.",
    title = "{Detection, measurement and gravitational radiation}",
    eprint = "gr-qc/9209010",
    archivePrefix = "arXiv",
    reportNumber = "PRINT-93-0128 (NORTHWESTERN)",
    doi = "10.1103/PhysRevD.46.5236",
    journal = "Phys. Rev. D",
    volume = "46",
    pages = "5236--5249",
    year = "1992"
}

@book{Creighton:2011zz,
    author = "Creighton, Jolien D. E. and Anderson, Warren G.",
    title = "{Gravitational-wave physics and astronomy: An introduction to theory, experiment and data analysis}",
    publisher = "Wiley-VCH",
    isbn = "9783527408863",
    doi = "10.1002/9783527636037",
    year = "2011"
}

@BOOK{Mackay-information-theory-book,
	author = {{Mackay}, David J.~C.},
	title = "Information Theory, Inference and Learning Algorithms",
 	year = 2003,
 	url = "http://www.inference.org.uk/mackay/itila/book.html",
        publisher = "Cambridge University Press",
	isbn = "9780521642989"
}

@article{dickey-lientz-savage-dicke-ratio,
author = {James M. Dickey and B. P. Lientz},
title = {{The Weighted Likelihood Ratio, Sharp Hypotheses about Chances, the Order of a Markov Chain}},
volume = {41},
journal = {The Annals of Mathematical Statistics},
number = {1},
publisher = {Institute of Mathematical Statistics},
pages = {214 -- 226},
year = {1970},
doi = {10.1214/aoms/1177697203},
URL = {https://doi.org/10.1214/aoms/1177697203}
}

@article{Hogg:2017akh,
    author = "Hogg, David W. and Foreman-Mackey, Daniel",
    title = "{Data analysis recipes: Using Markov Chain Monte Carlo}",
    eprint = "1710.06068",
    archivePrefix = "arXiv",
    primaryClass = "astro-ph.IM",
    doi = "10.3847/1538-4365/aab76e",
    journal = "Astrophys. J. Suppl.",
    volume = "236",
    number = "1",
    pages = "11",
    year = "2018"
}

@Book{PresTeukVettFlan92,
  Title                    = {Numerical Recipes in C},
  Author                   = {William H. Press and Saul A. Teukolsky and William T. Vetterling and Brian P. Flannery},
  Publisher                = {Cambridge University Press},
  Year                     = {1992},
  Address                  = {Cambridge, MA, USA},
  Edition                  = {Second}
}

@book{brooks2011handbook,
  title = {Handbook of Markov Chain Monte Carlo},
  author = {Brooks, Steve and Gelman, Andrew and Jones, Galin and Meng, Xiao-Li},
  publisher = {CRC press},
  year = {2011},
  Address = {Boca Raton, FL, USA}
}

@book{gelmanbda04,
  author = {Gelman, Andrew and Carlin, John B. and Stern, Hal S. and Rubin, Donald B.},
  edition = {3rd ed.},
  keywords = {bayesian statistics},
  publisher = {Chapman and Hall/CRC},
  title = {Bayesian Data Analysis},
  year = 2021
}

@book{pishro2014introduction,
  title={Introduction to Probability, Statistics, and Random Processes},
  author={Pishro-Nik, H.},
  isbn={9780990637202},
  lccn={2015295671},
  year={2014},
  publisher={Kappa Research, LLC}
}
